@inproceedings{bib:Pandita,
 author = {Pandita, Rahul and Xiao, Xusheng and Zhong, Hao and Xie, Tao and Oney, Stephen and Paradkar, Amit},
 title = {Inferring method specifications from natural language API descriptions},
 booktitle = {Proceedings of the 2012 International Conference on Software Engineering},
 series = {ICSE 2012},
 year = {2012},
 isbn = {978-1-4673-1067-3},
 location = {Zurich, Switzerland},
 pages = {815--825},
 numpages = {11},
 url = {http://dl.acm.org/citation.cfm?id=2337223.2337319},
 acmid = {2337319},
 publisher = {IEEE Press},
 address = {Piscataway, NJ, USA},
} 

@inproceedings{bib:knapp,
  title={ARUM: application resource usage monitor},
  author={Knapp, R.L. and Pase, RL and Karavanic, K.L.},
  booktitle={9th Linux Clusters Institute International Conference on High-Performance Clustered Computing},
  year={2008}
}
@Misc{bib:dyninstweb,
howpublished = {\url{http://www.dyninst.org}}
}
@Misc{bib:dyninstmanual,
  title={Dyninst Programmer's Guide},
  booktitle={Paradyn Parallel Performance Tools},
  year={March 2011}
}
@ARTICLE{bib:anapi,
    author = {Bryan Buck and Jeffrey K. Hollingsworth},
    title = {An API for Runtime Code Patching},
    journal = {The International Journal of High Performance Computing Applications},
    year = {2000},
    volume = {14},
    pages = {317--329}
}