@Misc{bib:good,
howpublished = {\url{http://3.bp.blogspot.com/-TxBbddQYuoc/UJW56pIzyDI/AAAAAAAABGk/PKy8Q7tEmTA/s320/teaching.gif}}
}

@Misc{bib:bad,
howpublished = {\url{http://godhungry.org/wp-content/uploads/2012/12/teach-for-america.png}}
}
